<?xml version="1.0" encoding="UTF-8"?><collection xmlns="http://www.loc.gov/MARC21/slim"><record><leader>00529nam--2200193-i-4500</leader><controlfield tag="001">000037690</controlfield><controlfield tag="002">20161230</controlfield><controlfield tag="005">20161230201041</controlfield><controlfield tag="008">060222s1000------------r-----000-0-eng-d</controlfield><datafield ind1=" " ind2=" " tag="040"><subfield code="a">IFIN-HH</subfield></datafield><datafield ind1=" " ind2=" " tag="080"><subfield code="a">536.7:541.11(083.5)</subfield></datafield><datafield ind1="1" ind2=" " tag="100"><subfield code="a">Stull, D.R</subfield></datafield><datafield ind1="1" ind2="0" tag="245"><subfield code="a">Janaf thermochemical tables</subfield><subfield code="c">D.r. stull; h. prophet (eds.)</subfield></datafield><datafield ind1=" " ind2=" " tag="250"><subfield code="a">Second Edition</subfield></datafield><datafield ind1=" " ind2=" " tag="260"><subfield code="a">Washington</subfield><subfield code="b">National Bureau Of Standards</subfield><subfield code="c">1971</subfield></datafield><datafield ind1=" " ind2=" " tag="300"><subfield code="a">IX+ P.DIF</subfield></datafield><datafield ind1="1" ind2=" " tag="700"><subfield code="a">Prophet, H</subfield><subfield code="e">Ed</subfield></datafield><datafield ind1=" " ind2=" " tag="852"><subfield code="a">45685</subfield><subfield code="c">536.7</subfield></datafield><datafield ind1=" " ind2=" " tag="CAT"><subfield code="a">Sys</subfield><subfield code="c">20110524</subfield><subfield code="h">153910</subfield></datafield></record></collection>